% Encoding: UTF-8

@Article{censo2010,
  author        = {IBGE},
  title         = {Censo Demográfico 2010},
  journal       = {Instituto Brasileiro de Geografia e Estatística},
  year          = {2010},
  url           = {https://censo2010.ibge.gov.br/resultados.html},
  urlaccessdate = {23 mai. 2023}
}

@Book{kalbag2017,
  title     = {Accessibility for Everyone},
  publisher = {A Book Apart},
  year      = {2017},
  author    = {Laura Kalbag, Ela/Dela},
  address   = {New York, NY},
  edition   = {1},
  isbn      = {978-1937557614},
}

@Article{lei13146,
  author   = {Brasil},
  title    = {Lei nº 13.146, de 6 de julho de 2015},
  subtitle = {Institui a Lei Brasileira de Inclusão da Pessoa com Deficiência (Estatuto da Pessoa com Deficiência)},
  journal  = {Diário Oficial da União},
  year     = {2015}
}

@Article{decreto5296,
  author        = {Brasil},
  title         = {Decreto nº 5.296, de 2 de dezembro de 2004},
  subtitle      = {Regulamenta as Leis nº 10.048, de 8 de novembro de 2000, que dá prioridade de atendimento às pessoas que especifica, e nº 10.098, de 19 de dezembro de 2000, que estabelece normas gerais e critérios básicos para a promoção da acessibilidade das pessoas portadoras de deficiência ou com mobilidade reduzida},
  journal       = {Diário Oficial da União},
  year          = {2004},
}

@Article{lei12965,
  author   = {Brasil},
  title    = {Lei nº 12.965, de 23 de abril de 2014},
  subtitle = {Estabelece princípios, garantias, direitos e deveres para o uso da Internet no Brasil},
  journal  = {Diário Oficial da União},
  year     = {2014},
}

@Article{iaap,
  author = {IAAP},
  title  = {2022 State of Digital Accessibility},
  year   = {2022},
  url    = {https://afri-can.org/wp-content/uploads/2023/02/2022_State_of_Digital_Accessibility_Report.pdf},
  urlaccessdate = {25 mai. 2023},
}

@Article{srufrj,
  author          = {Jorge Biolchini; Paula Gomes Mian; Ana Candida Cruz Natali; Guilherme Horta Travassos},
  title           = {Systematic Review in Software Engineering},
  url             = {https://www.cos.ufrj.br/uploadfile/es67905.pdf},
  journalsubtitle = {Universidade Federal do Rio de Janeiro},
  year            = {2005},
  urlaccessdate   = {09 ago. 2023},
}

@Book{researchsynthesis,
  title     = {The handbook of research synthesis},
  publisher = {Russell Sage Foundation Publications},
  year      = {2009},
  author    = {Harris Cooper; Larry V. Hedges; Jeffrey C. Valentine},
  address   = {New York, NY},
  edition   = {2},
  isbn      = {978-0871541635},
}

@Article{mobileaccessibilityguidelinesadpotion,
  author = {Victor Leal de Almeida; Kiev Gama},
  title = {Mobile Accessibility Guidelines Adoption under the Perspective of Developers and Designers},
  journal = {IEEE},
  year = {2021},
  url = {https://ieeexplore.ieee.org/document/9463302},
  urlaccessdate = {11 ago. 2023},
}

@Article{iosaccessibility,
  author = {Apple},
  title = {Accessibility},
  subtitle = {Human Interface Guidelines},
  url = {https://developer.apple.com/design/human-interface-guidelines/accessibility},
  year = {2024},
  urlaccessdate = {14 set. 2024},
}

@Article{androidaccessibility,
  author = {Google},
  title = {Make apps more accessible},
  subtitle = {Android Developers Guide},
  url = {https://developer.android.com/guide/topics/ui/accessibility/apps},
  year = {2024},
  urlaccessdate = {14 set. 2024},
}

@Article{customlintbuilder,
  author = {Invertase},
  title = {Custom Lint Builder},
  url = {https://github.com/invertase/dart_custom_lint},
  year = {2024},
  urlaccessdate = {3 jul. 2024},
}

@Article{flutter,
  author        = {Google},
  title         = {Flutter},
  subtitle      = {Kit de desenvolvimento de software de interface de usuário},
  url           = {https://docs.flutter.dev},
  year          = {2023},
  urlaccessdate = {26 mai. 2023},
}

@Book{interpreters,
  title     = {Crafting Interpreters},
  publisher = {Self-published},
  year      = {2021},
  author    = {Robert Nystrom},
  address   = {Seattle, WA},
  edition   = {1},
  isbn      = {978-0990582939},
}

@Book{compiladores,
  title     = {Compiladores: Princípios, Técnicas e Ferramentas},
  publisher = {Pearson Addison-Wesley},
  year      = {2008},
  author    = {Alfred V Aho; Monica S. Lam; Revi Sethi; Jeffrey D. Ullman},
  address   = {São Paulo, SP},
  edition   = {2},
  isbn      = {978-8588639249},
}

@Article{validaweb,
  author          = {Danton Krieck Mohr},
  title           = {ValidaWeb},
  subtitle        = {Uma ferramenta para suporte ao desenvolvimento de software atendendo aos requisitos não funcionais de acessibilidade W3C},
  year            = {2022},
  journal         = {Universidade do Estado de Santa Catarina},
  journalsubtitle = {Centro de Educação Superior do Alto Vale do Itajaí},
}

@Article{sonarqube,
  author        = {SonarSource},
  title         = {SonarQube},
  subtitle      = {Plataforma de análise estática de código},
  url           = {https://www.sonarqube.org},
  year          = {2023},
  urlaccessdate = {27 jul. 2023},
}

@Article{sonarflutter,
  author        = {Gillles Grousset},
  title         = {SonarQube Flutter},
  subtitle      = {Plugin para análise estática de código Flutter},
  url           = { https://github.com/insideapp-oss/sonar-flutter},
  year          = {2023},
  urlaccessdate = {29 jul. 2023},
}

@Article{accessibilitytools,
  author        = {Alexabder Troshkov},
  title         = {accessibility\_tools},
  subtitle      = {Ferramenta de análise de acessibilidade para Flutter},
  url           = {https://github.com/rebelappstudio/accessibility_tools},
  year          = {2023},
  urlaccessdate = {04 ago. 2023}
}

@Article{documentacaoanalyzerplugin,
  author        = {Dart},
  title         = {Documentação do Analyzer Plugin},
  subtitle      = {Plugin para análise estática de código Dart},
  url           = {https://github.com/dart-lang/sdk/blob/main/pkg/analyzer_plugin},
  year          = {2024},
  urlaccessdate = {12 set. 2024}
}

@Article{pubdotdevpublish,
  author = {Dart Team},
  title = {Publishing packages},
  subtitle = {Dart Package Manager},
  url = {https://dart.dev/tools/pub/publishing},
  year = {2024},
  urlaccessdate = {12 out. 2024}
}

@Comment{jabref-meta: databaseType:bibtex;}
